@article{Cooperman2002OvercomingTM,
  title={Overcoming the memory wall in symbolic algebra: a faster permutation multiplication},
  author={G. Cooperman and X. Ma},
  journal={SIGSAM Bull.},
  year={2002},
  volume={36},
  pages={1-4}
}

@misc{ark,
  title={Intel\textsuperscript{\tiny\textregistered} Xeon\textsuperscript{\tiny\textregistered} Processor E3-1230 v5},
  howpublished={\url{https://www.intel.com/content/www/us/en/products/sku/88182/intel-xeon-processor-e31230-v5-8m-cache-3-40-ghz/specifications.html}}
}

@misc{latency,
  title={Intel\textsuperscript{\tiny\textregistered} Memory Latency Checker v3.9},
  howpublished={\url{https://software.intel.com/content/www/us/en/develop/articles/intelr-memory-latency-checker.html}}
}
